@article{ReyMermet:etal:2018:db,
    author = {Rey-Mermet, Alodie and Gade, Miriam and Oberauer, Klaus},
    title = {Should We Stop Thinking About Inhibition? Searching for Individual and Age Differences in Inhibition Ability.},
    journal = {Journal of Experimental Psychology: Learning, Memory, and Cognition},
    year = {2018},
    url = {http://dx.doi.org/10.1037/xlm0000450},
    confidential = {n},
    annote = {*}
}

