
@article{chetverikov2017blame,
  title={Blame everyone: Error-related devaluation in Eriksen flanker task},
  author={Chetverikov, Andrey and Iamschinina, Polina and Begler, Alena and Ivanchei, Ivan and Filippova, Margarita and Kuvaldina, Maria},
  journal={Acta Psychologica},
  volume={180},
  pages={155--159},
  year={2017},
  publisher={Elsevier}
}

@article{enkavi2019large,
  title={Large-scale analysis of test--retest reliabilities of self-regulation measures},
  author={Enkavi, A Zeynep and Eisenberg, Ian W and Bissett, Patrick G and Mazza, Gina L and MacKinnon, David P and Marsch, Lisa A and Poldrack, Russell A},
  journal={Proceedings of the National Academy of Sciences},
  volume={116},
  number={12},
  pages={5472--5477},
  year={2019},
  publisher={National Acad Sciences}
}

@article{hedge2018reliability,
  title={The reliability paradox: Why robust cognitive tasks do not produce reliable individual differences},
  author={Hedge, Craig and Powell, Georgina and Sumner, Petroc},
  journal={Behavior research methods},
  volume={50},
  pages={1166--1186},
  year={2018},
  publisher={Springer}
}

@article{kucina2023calibration,
  title={Calibration of cognitive tests to address the reliability paradox for decision-conflict tasks},
  author={Kucina, Talira and Wells, Lindsay and Lewis, Ian and de Salas, Kristy and Kohl, Amelia and Palmer, Matthew A and Sauer, James D and Matzke, Dora and Aidman, Eugene and Heathcote, Andrew},
  journal={Nature Communications},
  volume={14},
  number={1},
  pages={2234},
  year={2023},
  publisher={Nature Publishing Group UK London}
}

@article{loeffler2022common,
  title={The common factor of executive functions measures nothing but speed of information uptake},
  author={L{\"o}ffler, Christoph and Frischkorn, Gidon T and Hagemann, Dirk and Sadus, Kathrin and Schubert, Anna-Lena},
  year={2022},
  publisher={PsyArXiv}
}

@article{ebersole2016many,
  title={Many Labs 3: Evaluating participant pool quality across the academic semester via replication},
  author={Ebersole, Charles R and Atherton, Olivia E and Belanger, Aimee L and Skulborstad, Hayley M and Allen, Jill M and Banks, Jonathan B and Baranski, Erica and Bernstein, Michael J and Bonfiglio, Diane BV and Boucher, Leanne and others},
  journal={Journal of Experimental Social Psychology},
  volume={67},
  pages={68--82},
  year={2016},
  publisher={Elsevier}
}

@article{pratte2010exploring,
  title={Exploring the differences in distributional properties between Stroop and Simon effects using delta plots},
  author={Pratte, Michael S and Rouder, Jeffrey N and Morey, Richard D and Feng, Chuning},
  journal={Attention, Perception, \& Psychophysics},
  volume={72},
  pages={2013--2025},
  year={2010},
  publisher={Springer}
}

@article{mermet2018should,
  title={Should we stop thinking about inhibition? Searching for individual and age differences in inhibition ability.},
  author={Rey-Mermet, Alodie and Gade, Miriam and Oberauer, Klaus},
  journal={Journal of Experimental Psychology: Learning, Memory, and Cognition},
  volume={44},
  number={4},
  pages={501},
  year={2018},
  publisher={American Psychological Association}
}

@article{stahl2014behavioral,
  title={Behavioral components of impulsivity.},
  author={Stahl, Christoph and Voss, Andreas and Schmitz, Florian and Nuszbaum, Mandy and T{\"u}scher, Oliver and Lieb, Klaus and Klauer, Karl Christoph},
  journal={Journal of Experimental Psychology: General},
  volume={143},
  number={2},
  pages={850},
  year={2014},
  publisher={American Psychological Association}
}

@article{tang2023dual,
  title={The Dual Mechanisms of Cognitive Control (DMCC) project: Validation of an online behavioural task battery},
  author={Tang, Rongxiang and Bugg, Julie M and Snijder, Jean-Paul and Conway, Andrew RA and Braver, Todd S},
  journal={Quarterly Journal of Experimental Psychology},
  volume={76},
  number={7},
  pages={1457--1480},
  year={2023},
  publisher={SAGE Publications Sage UK: London, England}
}

@article{vonbastian2016evidence,
  title={No evidence for bilingual cognitive advantages: A test of four hypotheses.},
  author={Von Bastian, Claudia C and Souza, Alessandra S and Gade, Miriam},
  journal={Journal of Experimental Psychology: General},
  volume={145},
  number={2},
  pages={246},
  year={2016},
  publisher={American Psychological Association}
}

